<record xmlns="http://www.loc.gov/MARC21/slim" xmlns:xsi="http://www.w3.org/2001/XMLSchema-instance" xsi:schemaLocation="http://www.loc.gov/MARC21/slim http://www.loc.gov/standards/marcxml/schema/MARC21slim.xsd"><leader>     nam a22        4500</leader><controlfield tag="001">4431382</controlfield><controlfield tag="003">NIC</controlfield><controlfield tag="006">m        d        </controlfield><controlfield tag="007">cr cn |||m|||a</controlfield><controlfield tag="008">150316s1970    iq      ob    000 0 arar </controlfield><datafield ind1=" " ind2=" " tag="040"><subfield code="a">NNU</subfield><subfield code="b">eng</subfield><subfield code="e">rda</subfield><subfield code="c">NNU</subfield></datafield><datafield ind1="0" ind2="0" tag="050"><subfield code="a">BP88.I24</subfield><subfield code="b">A68</subfield></datafield><datafield ind1="1" ind2=" " tag="100"><subfield code="6">880-01</subfield><subfield code="a">Ibn Ba&#772;bawayh al-Qummi&#772;, Muh&#803;ammad ibn &#699;Ali&#772;,</subfield><subfield code="d">918 or 919-991 or 992.</subfield></datafield><datafield ind1="1" ind2="0" tag="240"><subfield code="6">880-02</subfield><subfield code="a">Ama&#772;li&#772;</subfield></datafield><datafield ind1="1" ind2="0" tag="245"><subfield code="6">880-03</subfield><subfield code="a">Ama&#772;li&#772; al-S&#803;adu&#772;q /</subfield><subfield code="c">li-Abi&#772; Ja&#699;far al-S&#803;adu&#772;q Muh&#803;ammad ibn &#699;Ali&#772; ibn al-Husayn ibn Babawayh al-Qummi&#772; ; qaddam lahu Muh&#803;ammad Mahdi&#772; H&#803;asan al-Mu&#772;suwi&#772; al-Kharsa&#772;n.</subfield></datafield><datafield ind1=" " ind2=" " tag="260"><subfield code="6">880-04</subfield><subfield code="a">al-Najaf :</subfield><subfield code="b">al-Mit&#803;ba&#699;ah al-H&#803;aydari&#772;yah,</subfield><subfield code="c">1970.</subfield></datafield><datafield ind1=" " ind2=" " tag="300"><subfield code="a">online resource (48, 615 pages)</subfield></datafield><datafield ind1=" " ind2=" " tag="336"><subfield code="a">text</subfield><subfield code="2">rdacontent</subfield></datafield><datafield ind1=" " ind2=" " tag="337"><subfield code="a">computer</subfield><subfield code="2">rdamedia</subfield></datafield><datafield ind1=" " ind2=" " tag="338"><subfield code="a">online resource</subfield><subfield code="2">rdacarrier</subfield></datafield><datafield ind1=" " ind2=" " tag="500"><subfield code="a">Known also under title: &#699;Ard&#803; al-majalis or al-majalis.</subfield></datafield><datafield ind1=" " ind2=" " tag="500"><subfield code="a">Part of the Arabic Collections Online (ACO) project, contributed by Cornell University Libraries.</subfield></datafield><datafield ind1=" " ind2=" " tag="504"><subfield code="a">Includes bibliographical references.</subfield></datafield><datafield ind1=" " ind2=" " tag="533"><subfield code="a">Electronic reproduction.</subfield><subfield code="b">New York, N.Y. :</subfield><subfield code="c">New York University,</subfield><subfield code="d">2015.</subfield><subfield code="5">NNU</subfield></datafield><datafield ind1=" " ind2="0" tag="650"><subfield code="a">Shiite literature.</subfield></datafield><datafield ind1=" " ind2="7" tag="650"><subfield code="a">Shiite literature.</subfield><subfield code="2">fast</subfield><subfield code="0">(OCoLC)fst01115967</subfield></datafield><datafield ind1="1" ind2=" " tag="700"><subfield code="6">880-05</subfield><subfield code="a">Kharsa&#772;n, H&#803;asan al-Mu&#772;sawi&#772;.</subfield></datafield><datafield ind1="2" ind2=" " tag="710"><subfield code="a">Cornell University.</subfield><subfield code="b">Libraries.</subfield></datafield><datafield ind1="0" ind2=" " tag="730"><subfield code="a">Arabic Collections Online.</subfield></datafield><datafield ind1="0" ind2=" " tag="740"><subfield code="6">880-06</subfield><subfield code="a">&#699;Ard&#803; al-maja&#772;lis.</subfield></datafield><datafield ind1="0" ind2=" " tag="740"><subfield code="6">880-07</subfield><subfield code="a">Maja&#772;lis.</subfield></datafield><datafield ind1="0" ind2="8" tag="776"><subfield code="i">Online version:</subfield><subfield code="a">Ibn Ba&#772;bawayh al-Qummi&#772;, Muh&#803;ammad ibn &#699;Ali&#772;, 918 or 19-991 or 2.</subfield><subfield code="s">Ama&#772;li&#772;.</subfield><subfield code="t">Ama&#772;li&#772; al-S&#803;adu&#772;q.</subfield><subfield code="d">al-Najaf : al-Mit&#803;ba&#699;ah al-H&#803;aydari&#772;yah, 1970</subfield><subfield code="w">(OCoLC)588824890</subfield></datafield><datafield ind1="0" ind2="8" tag="776"><subfield code="i">Print version:</subfield><subfield code="a">Ibn Ba&#772;bawayh al-Qummi&#772;, Muh&#803;ammad ibn &#699;Ali&#772;, 918 or 919-991 or 992.</subfield><subfield code="t">Ama&#772;li&#772; al-S&#803;adu&#772;q</subfield><subfield code="w">(NIC)4431382</subfield><subfield code="w">(DLC)   74962187 </subfield><subfield code="w">(OCoLC)7669158</subfield></datafield><datafield ind1="4" ind2="0" tag="856"><subfield code="u">http://hdl.handle.net/2333.1/6hdr7w2k</subfield></datafield><datafield ind1="1" ind2=" " tag="880"><subfield code="6">100-01/r</subfield><subfield code="a">&#1575;&#1576;&#1606; &#1576;&#1575;&#1576;&#1608;&#1610;&#1607; &#1575;&#1604;&#1602;&#1605;&#1610;&#1548; &#1605;&#1581;&#1605;&#1583; &#1576;&#1606; &#1593;&#1604;&#1610;&#1548;,</subfield><subfield code="d">918 or 919-991 or 992.</subfield></datafield><datafield ind1="1" ind2="0" tag="880"><subfield code="6">240-02/r</subfield><subfield code="a">&#1571;&#1605;&#1575;&#1604;&#1610;</subfield></datafield><datafield ind1="1" ind2="0" tag="880"><subfield code="6">245-03/r</subfield><subfield code="a">&#1571;&#1605;&#1575;&#1604;&#1610; &#1575;&#1604;&#1589;&#1583;&#1608;&#1602; /</subfield><subfield code="c">&#1604;&#1571;&#1576;&#1610; &#1580;&#1593;&#1601;&#1585; &#1575;&#1604;&#1589;&#1583;&#1608;&#1602; &#1605;&#1581;&#1605;&#1583; &#1576;&#1606; &#1593;&#1604;&#1610; &#1576;&#1606; &#1575;&#1604;&#1581;&#1587;&#1610;&#1606; &#1576;&#1606; &#1576;&#1575;&#1576;&#1608;&#1610;&#1607; &#1575;&#1604;&#1602;&#1605;&#1610; &#1563; &#1602;&#1583;&#1605; &#1604;&#1607; &#1605;&#1581;&#1605;&#1583; &#1605;&#1607;&#1583;&#1610; &#1581;&#1587;&#1606; &#1575;&#1604;&#1605;&#1608;&#1587;&#1608;&#1610; &#1575;&#1604;&#1582;&#1585;&#1587;&#1575;&#1606;.</subfield></datafield><datafield ind1=" " ind2=" " tag="880"><subfield code="6">260-04/r</subfield><subfield code="a">&#1575;&#1604;&#1606;&#1580;&#1601; :</subfield><subfield code="b">&#1575;&#1604;&#1605;&#1591;&#1576;&#1593;&#1577; &#1575;&#1604;&#1581;&#1610;&#1583;&#1585;&#1610;&#1577;&#1548;</subfield><subfield code="c">1970.</subfield></datafield><datafield ind1="1" ind2=" " tag="880"><subfield code="6">700-05/r</subfield><subfield code="a">&#1582;&#1585;&#1587;&#1575;&#1606;&#1548; &#1581;&#1587;&#1606; &#1575;&#1604;&#1605;&#1608;&#1587;&#1608;&#1610;.</subfield></datafield><datafield ind1="0" ind2=" " tag="880"><subfield code="6">740-06/r</subfield><subfield code="a">&#1593;&#1585;&#1590; &#1575;&#1604;&#1605;&#1580;&#1575;&#1604;&#1587;.</subfield></datafield><datafield ind1="0" ind2=" " tag="880"><subfield code="6">740-07/r</subfield><subfield code="a">&#1605;&#1580;&#1575;&#1604;&#1587;.</subfield></datafield><datafield ind1=" " ind2=" " tag="959"><subfield code="a">NNU</subfield><subfield code="b">WEB</subfield><subfield code="c">GENI</subfield><subfield code="t">0</subfield><subfield code="m">Electronic access</subfield><subfield code="s">01</subfield></datafield><datafield ind1=" " ind2=" " tag="999"><subfield code="i">NIC_4431382</subfield><subfield code="o">(OCoLC)ocm07669158 </subfield><subfield code="s">cornell_aco000335</subfield></datafield></record>